@Article{Boettiger_2013,
  doi = {10.1098/rspb.2013.1372},
  url = {http://dx.doi.org/10.1098/rspb.2013.1372},
  year = {2013},
  month = {jul},
  publisher = {The Royal Society},
  volume = {280},
  number = {1766},
  pages = {20131372--20131372},
  author = {C. Boettiger and A. Hastings},
  title = {No early warning signals for stochastic transitions: insights from large deviation theory},
  journal = {Proceedings of the Royal Society B: Biological Sciences},
}
