@Article{Abrams_2012,
  doi = {10.1890/11-0011.1},
  url = {http://dx.doi.org/10.1890/11-0011.1},
  year = {2012},
  month = {feb},
  publisher = {Ecological Society of America},
  volume = {93},
  number = {2},
  pages = {281--293},
  author = {Peter A. Abrams and Lasse Ruokolainen and Brian J. Shuter and Kevin S. McCann},
  title = {Harvesting creates ecological traps: consequences of invisible mortality risks in predator{\textendash}prey metacommunities},
  journal = {Ecology},
}

@Book{Xie_2015a,
  title = {Dynamic Documents with {R} and knitr},
  author = {Yihui Xie},
  publisher = {Chapman and Hall/CRC},
  address = {Boca Raton, Florida},
  year = {2015},
  edition = {2nd},
  note = {ISBN 978-1498716963},
  url = {http://yihui.name/knitr/},
}

@InCollection{Xie_2014,
  booktitle = {Implementing Reproducible Computational Research},
  editor = {Victoria Stodden and Friedrich Leisch and Roger D. Peng},
  title = {knitr: A Comprehensive Tool for Reproducible Research in {R}},
  author = {Yihui Xie},
  publisher = {Chapman and Hall/CRC},
  year = {2014},
  note = {ISBN 978-1466561595},
  url = {http://www.crcpress.com/product/isbn/9781466561595},
}

@Misc{greycite32194,
  url = {http://knowledgeblog.org/greycite},
  title = {Greycite},
  journal = {Knowledge Blog},
  year = {2012},
  howpublished = {\url{http://knowledgeblog.org/greycite}},
  author = {Phillip Lord},
  archived = {http://greycite.knowledgeblog.org/?uri=http%3A%2F%2Fknowledgeblog.org%2Fgreycite, http://wayback.archive.org/web/http://knowledgeblog.org/greycite},
}

@Manual{Xie_2015,
  title = {knitr: A General-Purpose Package for Dynamic Report Generation in R},
  author = {Yihui Xie},
  year = {2015},
  note = {R package version 1.11},
  url = {http://yihui.name/knitr/},
}

@Article{Boettiger_2013,
  doi = {10.1098/rspb.2013.1372},
  url = {http://dx.doi.org/10.1098/rspb.2013.1372},
  year = {2013},
  month = {jul},
  publisher = {The Royal Society},
  volume = {280},
  number = {1766},
  pages = {20131372--20131372},
  author = {C. Boettiger and A. Hastings},
  title = {No early warning signals for stochastic transitions: insights from large deviation theory},
  journal = {Proceedings of the Royal Society B: Biological Sciences},
}
